@online{arduino_what_2018,
  title = {What is Arduino?},
  author = {Arduino},
  date = {2018-02-05},
  url = {https://www.arduino.cc/en/Guide/Introduction},
  urldate = {2025-02-27},
}

@incollection{leveson_embedded_2003,
	title = {Embedded system},
	isbn = {0-470-86412-5},
	pages = {646--647},
	booktitle = {Encyclopedia of Computer Science},
	publisher = {John Wiley and Sons Ltd.},
	author = {Leveson, Nancy G.},
	date = {2003},
	url = {https://dl.acm.org/doi/abs/10.5555/1074100.1074371},
}

@standard{C23,
  title        = {Information technology — Programming languages — C},
  institution  = {ISO/IEC},
  number       = {ISO/IEC 9899:2024},
  edition      = {5},
  location     = {Geneva, Switzerland},
  year         = {2024},
  month        = oct,
  note         = {C23 revision},
}